% Rules: https://apastyle.apa.org/style-grammar-guidelines/references/examples/webpage-website-references
@online{managmentOrganigram,
  author       = {{SBB Cargo AG,}},
  year         = {},
  title        = {Managment},
  url          = {https://www.sbbcargo.com/de/unternehmen/organisation/management-organigramm.html},
  urldate      = {2023-11-15}
}
@online{standorte,
  author       = {{SBB Cargo AG,}},
  year         = {},
  title        = {Standorte},
  url          = {https://www.sbbcargo.com/de/unternehmen/organisation/standorte.html},
  urldate      = {2023-11-15}
}
@online{chemOil,
  author       = {{SBB Cargo AG,}},
  year         = {},
  title        = {ChemOil Logistics AG},
  url          = {https://www.sbbcargo.com/de/unternehmen/organisation/chemoil-logistics-ag.html},
  urldate      = {2023-11-15}
}
@online{angebot,
  author       = {{SBB Cargo AG,}},
  year         = {},
  title        = {Angebot},
  url          = {https://www.sbbcargo.com/de/angebot.html},
  urldate      = {2023-11-15}
}

